<?xml version="1.0" encoding="UTF-8"?><collection xmlns="http://www.loc.gov/MARC21/slim"><record><leader>00381nam--2200133-i-4500</leader><controlfield tag="001">000027330</controlfield><controlfield tag="002">20161230</controlfield><controlfield tag="005">20161230201036</controlfield><controlfield tag="008">060222s1000------------r-----000-0-eng-d</controlfield><datafield ind1=" " ind2=" " tag="080"><subfield code="a">621.375.826</subfield></datafield><datafield ind1=" " ind2=" " tag="100"><subfield code="a">Koppelmann, Gerd</subfield></datafield><datafield ind1=" " ind2=" " tag="245"><subfield code="a">Mehrstrahlinterferenzen und eigenschwingungsustande in laser resonatoren</subfield></datafield><datafield ind1=" " ind2=" " tag="260"><subfield code="a">Berlin, Technischen Univ.Berlin, 1965. 218p</subfield></datafield><datafield ind1=" " ind2=" " tag="852"><subfield code="a">25000</subfield></datafield></record></collection>